
% https://arxiv.org/pdf/1703.04046.pdf#page=10&zoom=100,0,697
% https://arxiv.org/pdf/1610.01683.pdf
% https://github.com/shashankpr/sleep-classification/blob/master/doc/sleep-stage-classification.pdf
% https://github.com/skjerns/AutoSleepScorer
% https://github.com/akaraspt/deepsleepnet
% https://towardsdatascience.com/sleep-stage-classification-from-single-channel-eeg-using-convolutional-neural-networks-5c710d92d38e
% https://github.com/CVxTz/EEG_classification

@article{tsinalis2016automatic,
  title={Automatic sleep stage scoring with single-channel EEG using convolutional neural networks},
  author={Tsinalis, Orestis and Matthews, Paul M and Guo, Yike and Zafeiriou, Stefanos},
  journal={arXiv preprint arXiv:1610.01683},
  year={2016}
}

@article{supratak2017deepsleepnet,
  title={DeepSleepNet: a model for automatic sleep stage scoring based on raw single-channel EEG},
  author={Supratak, Akara and Dong, Hao and Wu, Chao and Guo, Yike},
  journal={IEEE Transactions on Neural Systems and Rehabilitation Engineering},
  volume={25},
  number={11},
  pages={1998--2008},
  year={2017},
  publisher={IEEE}
}

@article{langkvist2012sleep,
  title={Sleep stage classification using unsupervised feature learning},
  author={L{\"a}ngkvist, Martin and Karlsson, Lars and Loutfi, Amy},
  journal={Advances in Artificial Neural Systems},
  volume={2012},
  pages={5},
  year={2012},
  publisher={Hindawi Publishing Corp.}
}

@article{laura,
  title={How can we apply AI, Machine Learning or Deep Learning to EEG?},
  author={Laura Dubreuil},
  year={March 7, 2018},
  publisher={Neuroelectrics}
}

@article{li2011sensor,
  title={Sensor Array and Multichannel Signal Processing},
  author={Li, Jian and Sadler, Brian M and Viberg, Mats},
  journal={IEEE Signal Processing Magazine},
  volume={28},
  number={5},
  pages={157--158},
  year={2011}
}

@inproceedings{shih2012brain,
  title={Brain-computer interfaces in medicine},
  author={Shih, Jerry J and Krusienski, Dean J and Wolpaw, Jonathan R},
  booktitle={Mayo Clinic Proceedings},
  volume={87},
  number={3},
  pages={268--279},
  year={2012},
  organization={Elsevier}
}

@inproceedings{dose2018deep,
  title={A Deep Learning MI-EEG Classification Model for BCIs},
  author={Dose, Hauke and M{\o}ller, Jakob S and Puthusserypady, Sadasivan and Iversen, Helle K},
  booktitle={2018 26th European Signal Processing Conference (EUSIPCO)},
  pages={1676--1679},
  year={2018},
  organization={IEEE}
}

@article{thebrain,
title={The Importance of Sleep Cycles on Productivity (+ Tips to Improve Yours)},
author={Mark Pettit},
year={August 6, 2018},
publisher={Lifehack}
}
%url = {https://www.lifehack.org/789587/sleep-cycles}

@article{http://www.wildml.com/2015/09/recurrent-neural-networks-tutorial-part-1-introduction-to-rnns/,
title={Recurrent Neural Networks Tutorial, Part 1 – Introduction to RNNs},
author={DENNY BRITZ},
journal = {WILDML Artificial Intelligence, Deep Learning, and NLP},
  year={SEPTEMBER 17, 2015},
  publisher={WordPress}
  }
%url = {http://www.wildml.com/2015/09/recurrent-neural-networks-tutorial-part-1-introduction-to-rnns/}
    
@article{bptt,
  title={Backpropagation through time},
  author={Guo, Jiang},
  journal={Unpubl. ms., Harbin Institute of Technology},
  year={2013}
  }
%url = {http://ir.hit.edu.cn/~jguo/docs/notes/bptt.pdf}

@article{https://www.superdatascience.com/recurrent-neural-networks-rnn-the-vanishing-gradient-problem/,
title={THE VANISHING GRADIENT PROBLEM},
author={SEBASTIAN MONCADA},
  journal={RECURRENT NEURAL NETWORKS (RNN) – THE VANISHING GRADIENT PROBLEM},
  year={AUGUST 23, 2018},
  publisher={Super Data Science}
  }
%url = {https://www.superdatascience.com/recurrent-neural-networks-rnn-the-vanishing-gradient-problem/}
  
@article{http://axon.cs.byu.edu/~martinez/classes/778/Papers/lstm.pdf,
title={Long Short-Term Memory},
author={M. Stanley Fujimoto},
  journal={CS778 – Winter 2016},
  year={30 Jan 2016},
  publisher={NEURAL NETWORK AND MACHINE LEARNING LABORATORY
BRIGHAM YOUNG UNIVERSITY}
}
%url = {http://axon.cs.byu.edu/~martinez/classes/778/Papers/lstm.pdf}
 
@article{ANNTutorial,
  title={Understanding lstm networks},
  author={Olah, Christopher},
  year={2015}
  } 
  
  %url = {http://web.stanford.edu/class/cs379c/class_messages_listing/content/Artificial_Neural_Network_Technology_Tutorials/OlahLSTM-NEURAL-NETWORK-TUTORIAL-15.pdf}} 
      
@article{https://medium.com/@kangeugine/long-short-term-memory-lstm-concept-cb3283934359,
title={Long Short-Term Memory (LSTM): Concept},
author={Eugine Kang},
  year={Sep 2, 2017},
  publisher={A Medium Corporation}
  } 
  
  
@article{https://medium.com/deep-math-machine-learning-ai/chapter-10-1-deepnlp-lstm-long-short-term-memory-networks-with-math-21477f8e4235,
title={Chapter 10.1: DeepNLP — LSTM (Long Short Term Memory) Networks with Math.},
author={Madhu Sanjeevi},
  year={Jan 21, 2018},
 publisher={A Medium Corporation}
  } 
  
  %url = {https://medium.com/deep-math-machine-learning-ai/chapter-10-1-deepnlp-lstm-long-short-term-memory-networks-with-math-21477f8e4235}  }  
@Article{https://www.mdpi.com/1424-8220/16/1/115,
AUTHOR = {Ordóñez, Francisco Javier and Roggen, Daniel},
TITLE = {Deep Convolutional and LSTM Recurrent Neural Networks for Multimodal Wearable Activity Recognition},
JOURNAL = {Sensors},
VOLUME = {16},
YEAR = {2016},
NUMBER = {1},
ARTICLE-NUMBER = {115},
PubMedID = {26797612},
ISSN = {1424-8220},
DOI = {10.3390/s16010115}
}    
%url = {http://www.mdpi.com/1424-8220/16/1/115},

@article{https://www.oreilly.com/library/view/learn-unity-ml-agents/9781789138139/16671cc8-0aff-433a-878c-7430be8b9aa1.xhtml,
title={Convolutional neural networks},
author={Micheal Lanham},
  journal={Learn Unity ML-Agents - Fundamentals of Unity Machine Learning},
  year={January 2, 2018},
  publisher={Safari Books Online}
  } 
  
  %url = {https://www.oreilly.com/library/view/learn-unity-ml-agents/9781789138139/16671cc8-0aff-433a-878c-7430be8b9aa1.xhtml}}
@article{arithmetic,
  title={A guide to convolution arithmetic for deep learning. arXiv, 2016},
  author={Dumoulin, V and Visin, F},
  journal={arXiv preprint arXiv:1603.07285},
   year={January 12, 2018}
 } 
 
 %url = {https://arxiv.org/pdf/1603.07285.pdf}}
 
@article{https://medium.com/@RaghavPrabhu/understanding-of-convolutional-neural-network-cnn-deep-learning-99760835f148,
title={Understanding of Convolutional Neural Network (CNN) — Deep Learning},
author={Prabhu},
  year={Mar 4, 2018},
  publisher={A Medium Corporation}  }
  
     
@article{https://hackernoon.com/deepmind-relational-networks-demystified-b593e408b643,
title={DeepMind’s Relational Reasoning Networks — Demystified},
author={Harshvardhan Gupta},
  year={Jul 3, 2017},
  publisher={hackernoon}
  } 
  
  %url = {https://hackernoon.com/deepmind-relational-networks-demystified-b593e408b643}  } 
@article{http://www.swbh.nhs.uk/wp-content/uploads/2012/07/What-is-a-sleep-EEG-ML3791.pdf,
title={What is a sleep EEG? Information and advice for patients},
author={Sandwell and West Birmingham Hospitals NHS Trust},
  journal={Information and advice for patients},
  pages={1--4},
  year={October, 2014},
  publisher={A Teaching Trust of The University of Birmingham}
  }
   %url = {http://www.swbh.nhs.uk/wp-content/uploads/2012/07/What-is-a-sleep-EEG-ML3791.pdf}  }    
@article{epilepsy,
  title={electroencephalography in the Diagnosis of Genetic Generalized epilepsy Syndromes},
  author={Seneviratne, Udaya and Cook, Mark J and D’Souza, Wendyl Jude},
  journal={Frontiers in neurology},
  volume={8},
  pages={499},
  year={2017},
  publisher={Frontiers}
  }
  %ulr = {https://www.ncbi.nlm.nih.gov/pmc/articles/PMC56223sak2014long15/}  }

@article{seneviratne2017electroencephalography,
  title={Stages of Sleep and Sleep Cycles},
  journal={How Sleep Works},
  year={DECEMBER 19, 2018},
  publisher={TUCK.COM}
  }
  %  ulr = {https://www.tuck.com/stages/}  }   
@article{SleepStagesSecure,
  title={Sleep Arhitecture},
  journal={Normal Sleep},
  year={Feb 4, 2014},
  publisher={jbpub.com}
  }
  %ulr = {http://samples.jbpub.com/9781284030273/Chapter1_Secure.pdf}  }  
@article{SleepStageScoring,
  title={Introduction to Sleep Stage Scoring},
  author={Raman K. Malhotra, Alon Y. Avidan},
  journal={Sleep Stages and
Scoring Technique},
  volume={3},
  pages={77 -- 99},
  publisher={Facultad de Medicina - Universidad de la República}
}  
  %ulr = {http://www.fmed.edu.uy/sites/www.labsueno.fmed.edu.uy/files/9.Diagnostico-polisomnogr%C3%A1fico.pdf}}    
@incollection{THOMAS2014127,
title = {Chapter 6 - Hypnogram Analysis},
editor = {Sudhansu Chokroverty and Robert J. Thomas},
booktitle = {Atlas of Sleep Medicine (Second Edition)},
publisher = {W.B. Saunders},
edition = {Second Edition},
address = {St. Louis},
pages = {127 - 142},
year = {2014},
isbn = {978-1-4557-1267-0},
doi = {https://doi.org/10.1016/B978-1-4557-1267-0.00006-0},
author = {Robert J. Thomas and Sudhansu Chokroverty and Sushanth Bhat}
}

%url = {http://www.sciencedirect.com/science/article/pii/B9781455712670000060},
@article{cabiddu2012modulation,
  title={Modulation of the sympatho-vagal balance during sleep: frequency domain study of heart rate variability and respiration},
  author={Cabiddu, Ramona and Cerutti, Sergio and Werner, Sandra and Viardot, Geoffrey and Bianchi, Anna M},
  journal={Frontiers in physiology},
  volume={3},
  pages={45},
  year={2012},
  publisher={Frontiers}
  }     
@article{wiki:xxx,
  title={Characterizing sleep structure using the hypnogram},
  author={Swihart, Bruce J and Caffo, Brian and Bandeen-Roche, Karen and Punjabi, Naresh M},
  journal={Journal of Clinical Sleep Medicine},
  volume={4},
  number={04},
  pages={349--355},
  year={2008},
  publisher={American Academy of Sleep Medicine}
  } %url = {https://www.ncbi.nlm.nih.gov/pmc/articles/PMC2542492/}}
@article{Hypnogramm,
  title={Hypnogram Analysis},
  author={Robert J. Thomas,Sudhansu Chokroverty, Sushanth Bhat},
  volume={6},
  pages={127},
  publisher={ScienceDirect}
  }
  %ulr = {https://www.sciencedirect.com/sdfe/pdf/download/eid/3-s2.0-B9781455712670000060/first-page-pdf}  }     
@article{lecun2015deep,
  title={Deep learning},
  author={LeCun, Yann and Bengio, Yoshua and Hinton, Geoffrey},
  journal={nature},
  volume={521},
  number={7553},
  pages={436},
  year={2015},
  publisher={Nature Publishing Group}
  } 
  %url = {https://www.nature.com/articles/nature14539}}
@article{deepLern,
  title={How to Use Machine Learning to Predict the Quality of Wines},
  author={Ashwin Hariharan},
  year={Feb 7, 2009},
  publisher={free Code Camp}
  } 
  %url = {https://medium.freecodecamp.org/using-machine-learning-to-predict-the-quality-of-wines-9e2e13d7480d}}
  @article{historyOfDeep,
  title={When to Use MLP, CNN, and RNN Neural Networks},
  author={ Jason Brownlee},
  year={July 23, 2018},
  publisher={machinelearningmastery.com}
  }
   %url = {https://machinelearningmastery.com/when-to-use-mlp-cnn-and-rnn-neural-networks/}}
  @article{historyDp,
  title={History of computer vision contests won by deep CNNs on GPU},
  author={Jürgen Schmidhuber },
  year={March, 2017}
  }
   %url = {http://people.idsia.ch/~juergen/computer-vision-contests-won-by-gpu-cnns.html}}
     
@article{salehinejad2017recent,
  title={Recent Advances in Recurrent Neural Networks},
  author={Salehinejad, Hojjat and Baarbe, Julianne and Sankar, Sharan and Barfett, Joseph and Colak, Errol and Valaee, Shahrokh},
  journal={arXiv preprint arXiv:1801.01078},
  year={2017}
  }
   %url = {https://arxiv.org/pdf/1801.01078.pdf}}
@article{rnnLstm,
  title={Recurrent Neural Networks and LSTM},
  author={Niklas Donges},
  year={Feb 26, 2018},
  publisher={Towards Data Science}
  }
   %url = {https://towardsdatascience.com/recurrent-neural-networks-and-lstm-4b601dd822a5 }}

@article{bpttRNN,
  title={Fundamentals of Deep Learning – Introduction to Recurrent Neural Networks},
  author={DISHASHREE GUPTA},
  year={December 7, 2017},
  publisher={Analytics Vidhya.}
  }
   %url = {https://www.analyticsvidhya.com/blog/2017/12/introduction-to-recurrent-neural-networks/}}

 @article{bengio1994learning,
  title={Learning long-term dependencies with gradient descent is difficult},
  author={Bengio, Yoshua and Simard, Patrice and Frasconi, Paolo},
  journal={IEEE transactions on neural networks},
  volume={5},
  number={2},
  pages={157--166},
  year={1994}
}

@article{DBLP:journals/corr/abs-1808-03314,
  author    = {Alex Sherstinsky},
  title     = {Fundamentals of Recurrent Neural Network {(RNN)} and Long Short-Term
               Memory {(LSTM)} Network},
  journal   = {CoRR},
  volume    = {abs/1808.03314},
  year      = {2018},
  archivePrefix = {arXiv},
  eprint    = {1808.03314},
  timestamp = {Sun, 02 Sep 2018 15:01:55 +0200},
  biburl    = {https://dblp.org/rec/bib/journals/corr/abs-1808-03314},
  bibsource = {dblp computer science bibliography, https://dblp.org}
}

 % url       = {http://arxiv.org/abs/1808.03314},
@inproceedings{pascanu2013difficulty,
  title={On the difficulty of training recurrent neural networks},
  author={Pascanu, Razvan and Mikolov, Tomas and Bengio, Yoshua},
  booktitle={International Conference on Machine Learning},
  pages={1310--1318},
  year={2013}
  }
   %url = {http://proceedings.mlr.press/v28/pascanu13.pdf}}

  @article{https://towardsdatascience.com/illustrated-guide-to-lstms-and-gru-s-a-step-by-step-explanation-44e9eb85bf21,
  title={Illustrated Guide to LSTM’s and GRU’s: A step by step explanation},
  author={Michael Nguyen},
  year={Sep 24, 2018},
  publisher={Towards Data Science}
  } 
  %url = {https://towardsdatascience.com/illustrated-guide-to-lstms-and-gru-s-a-step-by-step-explanation-44e9eb85bf21}}

@inproceedings{sak2014long,
  title={Long short-term memory recurrent neural network architectures for large scale acoustic modeling},
  author={Sak, Ha{\c{s}}im and Senior, Andrew and Beaufays, Fran{\c{c}}oise},
  booktitle={Fifteenth annual conference of the international speech communication association},
  year={2014}
}

@inproceedings{wang2018c,
  title={C-LSTM: Enabling Efficient LSTM using Structured Compression Techniques on FPGAs},
  author={Wang, Shuo and Li, Zhe and Ding, Caiwen and Yuan, Bo and Qiu, Qinru and Wang, Yanzhi and Liang, Yun},
  booktitle={Proceedings of the 2018 ACM/SIGDA International Symposium on Field-Programmable Gate Arrays},
  pages={11--20},
  year={2018},
  organization={ACM}
  }
   %url = {https://arxiv.org/pdf/1803.06305.pdf}}

@inproceedings{selvin2017stock,
  title={Stock price prediction using LSTM, RNN and CNN-sliding window model},
  author={Selvin, Sreelekshmy and Vinayakumar, R and Gopalakrishnan, EA and Menon, Vijay Krishna and Soman, KP},
  booktitle={Advances in Computing, Communications and Informatics (ICACCI), 2017 International Conference on},
  pages={1643--1647},
  year={2017},
  organization={IEEE}
  }
   %url = {https://www.researchgate.net/publication/321503983_Stock_price_prediction_using_LSTM_RNN_and_CNN-sliding_window_model}}

@article{o2015introduction,
  title={An introduction to convolutional neural networks},
  author={O'Shea, Keiron and Nash, Ryan},
  journal={arXiv preprint arXiv:1511.08458},
  year={2015}
  }
   %url = {https://www.researchgate.net/publication/285164623_An_Introduction_to_Convolutional_Neural_Networks}}

@article{cnn,
  title={Common architectures in convolutional neural networks.},
  author={Jeremy Jordan},
  year={19 APRIL 2018}
  }
   %url = {https://www.jeremyjordan.me/convnet-architectures/}}

@article{chen2018rise,
  title={The rise of deep learning in drug discovery},
  author={Chen, Hongming and Engkvist, Ola and Wang, Yinhai and Olivecrona, Marcus and Blaschke, Thomas},
  journal={Drug discovery today},
  year={2018},
  publisher={Elsevier}
}

@article{cnnArh,
  title={Introduction to Convolutional
Neural Networks},
  author={Vicky	Kalogeiton},
  journal={Reading Group on	Deep Learning:	Session	3},
  year={1 July, 2016}
  }
   %url = {https://project.inria.fr/deeplearning/files/2016/05/session3.pdf}}

 @article{cnnArhVIZRec,
  title={Convolutional Neural Networks: Architectures, Convolution / Pooling Layers},
  author={Andrej Karpathy},
  journal={CS231n Convolutional Neural Networks for Visual Recognition},
  year={Spring, 2018},
  publisher = {cs.stanford.edu}
  }
   %url = {http://cs231n.github.io/convolutional-networks/}}


@misc{soh2016learning,
  title={Learning CNN-LSTM architectures for image caption generation},
  author={Soh, Moses},
  year={2016}
  }
   %url = {https://cs224d.stanford.edu/reports/msoh.pdf}}

@article{lstmCNNTut,
  title={CNN Long Short-Term Memory Networks},
  author={ Jason Brownlee},
  journal={arXiv preprint arXiv:1511.08458},
  year={August 21, 2017}
  }
   %url = {https://machinelearningmastery.com/cnn-long-short-term-memory-networks/}}


 %maybe
@inproceedings{donahue2015long,
  title={Long-term recurrent convolutional networks for visual recognition and description},
  author={Donahue, Jeffrey and Anne Hendricks, Lisa and Guadarrama, Sergio and Rohrbach, Marcus and Venugopalan, Subhashini and Saenko, Kate and Darrell, Trevor},
  booktitle={Proceedings of the IEEE conference on computer vision and pattern recognition},
  pages={2625--2634},
  year={2015}
  }
   %url = {https://www.cv-foundation.org/openaccess/content_cvpr_2015/papers/Donahue_Long-Term_Recurrent_Convolutional_2015_CVPR_paper.pdf}}

%better

@article{geras2015blending,
  title={Blending lstms into cnns},
  author={Geras, Krzysztof J and Mohamed, Abdel-rahman and Caruana, Rich and Urban, Gregor and Wang, Shengjie and Aslan, Ozlem and Philipose, Matthai and Richardson, Matthew and Sutton, Charles},
  journal={arXiv preprint arXiv:1511.06433},
  year={2015}
  } 
  
  %url = {https://openreview.net/pdf?id=k80kvBj55IOYKX7ji4V4}}
  

@inproceedings{wang2016dimensional,
  title={Dimensional sentiment analysis using a regional CNN-LSTM model},
  author={Wang, Jin and Yu, Liang-Chih and Lai, K Robert and Zhang, Xuejie},
  booktitle={Proceedings of the 54th Annual Meeting of the Association for Computational Linguistics (Volume 2: Short Papers)},
  volume={2},
  pages={225--230},
  year={2016}
  } 
  
  %url = {http://www.aclweb.org/anthology/P16-2037}}

@inproceedings{Hyun2016AcousticSC,
  title={Acoustic Scene Classification Using Parallel Combination of Lstm and Cnn},
  author={S Hyun and I. Stephen Choi and Nam Soo},
  year={2016}
  } 
  
  %url = {https://www.semanticscholar.org/paper/Acoustic-Scene-Classification-Using-Parallel-of-and-Hyun-Choi/abea9615a8b021a29c05e4b7f3ef9e7514fac39d}}

@article{huang2018deep,
  title={A deep cnn-lstm model for particulate matter (Pm2. 5) forecasting in smart cities},
  author={Huang, Chiou-Jye and Kuo, Ping-Huan},
  journal={Sensors},
  volume={18},
  number={7},
  pages={2220},
  year={2018},
  publisher={Multidisciplinary Digital Publishing Institute}
  } 
  %url = {https://www.mdpi.com/1424-8220/18/7/2220}}

@article{article,
author = {Javier Ordóñez, Francisco and Roggen, Daniel},
year = {2016},
month = {01},
pages = {115},
title = {Deep Convolutional and LSTM Recurrent Neural Networks for Multimodal Wearable Activity Recognition},
volume = {16},
journal = {Sensors},
doi = {10.3390/s16010115}
}

%frameworks
@misc{chollet2015keras,
  title={Keras},
  author={Chollet, Fran\c{c}ois and others},
  year={2015},
  url = {https://keras.io}
}

@misc{tensorflow2015-whitepaper,
title={{TensorFlow}: Large-Scale Machine Learning on Heterogeneous Systems},
url={http://tensorflow.org/},
note={Software available from tensorflow.org},
author={
    Mart\'{\i}n~Abadi and
    Ashish~Agarwal and
    Paul~Barham and
    Eugene~Brevdo and other},
  year={2015},
}


@ARTICLE{DeepLearningFrameworks,
 title={Deep Learning Frameworks: Tensorflow, Theano, Keras, Torch, Caffe},
  author={Vicky Kalogeiton, Stéphane Lathuilière, Pauline Luc, Thomas Lucas, Konstantin Shmelkov},
 JOURNAL={Deep Learning Reading Group},
 YEAR={January 25, 2017}
 } 
 
 %url={https://project.inria.fr/deeplearning/files/2016/05/DLFrameworks.pdf}}

@ARTICLE{10.3389/fninf.2017.00060,
 AUTHOR={Combrisson, Etienne and Vallat, Raphael and Eichenlaub, Jean-Baptiste and O'Reilly, Christian and Lajnef, Tarek and Guillot, Aymeric and Ruby, Perrine M. and Jerbi, Karim},
 TITLE={Sleep: An Open-Source Python Software for Visualization, Analysis, and Staging of Sleep Data},
 JOURNAL={Frontiers in Neuroinformatics},
 VOLUME={11},
 PAGES={60},
 YEAR={2017},
  DOI={10.3389/fninf.2017.00060},
 ISSN={1662-5196}}}
 
 %url={http://journal.frontiersin.org/article/10.3389/fninf.2017.00060},
 
 @article{goldberger2000physiobank,
  title={PhysioBank, PhysioToolkit, and PhysioNet: components of a new research resource for complex physiologic signals},
  author={Goldberger, Ary L and Amaral and others},
  journal={Circulation},
  volume={101},
  number={23},
  pages={e215--e220},
  year={2000},
  publisher={Am Heart Assoc},
  url = {https://physionet.org/pn4/sleep-edfx/}
}

 @article{Introd1D,
  title={Introduction to 1D Convolutional Neural Networks in Keras for Time Sequences},
  author={Nils Ackermann},
  year={Sep 4, 2018}
}
 @article{IntrodBP,
  title={Neural networks and back-propagation explained in a simple way},
  author={Assaad MOAWAD},
  year={Feb 1, 2018}
}

 @article{RGBC,
  title={How will channels (RGB) effect convolutional neural network?},
  author={Santhiya Rajan},
  year={2nd Feb, 2019}
}

 @article{NeuronBia,
  title={Machine Learning on JavaScript, Part I: Neural Networks},
  author={Lucas Aragno},
  year={DECEMBER 18, 2017}
}

 @article{NeuronFIlter,
  title={Convolutional Neural Network},
  author={林阿天},
  year={September 30, 2015}
}
 @article{tutoriA,
  title={A detailed example of how to use data generators with Keras},
  author={Afshine Amidi and Shervine Amidi},
  year={August, 2017}
}


@inproceedings{inproceeding12,
author = {Ghosh, Dipanjan and Olewnik, Andrew and Lewis, Kemper},
year = {2016},
month = {08},
pages = {V01BT02A020},
title = {Product “In-Use” Context Identification Using Feature Learning Methods},
doi = {10.1115/DETC2016-59645}
}

@article{rahman2018sleep,
  title={Sleep stage classification using single-channel EOG},
  author={Rahman, Md Mosheyur and Bhuiyan, Mohammed Imamul Hassan and Hassan, Ahnaf Rashik},
  journal={Computers in biology and medicine},
  volume={102},
  pages={211--220},
  year={2018},
  publisher={Elsevier}
}

@article{shi2015multi,
  title={Multi-channel EEG-based sleep stage classification with joint collaborative representation and multiple kernel learning},
  author={Shi, Jun and Liu, Xiao and Li, Yan and Zhang, Qi and Li, Yingjie and Ying, Shihui},
  journal={Journal of neuroscience methods},
  volume={254},
  pages={94--101},
  year={2015},
  publisher={Elsevier}
}


@inproceedings{inproceedings,
author = {Manenti, Céline and Pellegrini, Thomas and Pinquier, Julien},
year = {2016},
month = {09},
pages = {3549-3553},
title = {CNN-Based Phone Segmentation Experiments in a Less-Represented Language},
doi = {10.21437/Interspeech.2016-796}
}


@article{article123asd,
author = {Kuo, Ping-Huan and Huang, Chiou-Jye},
year = {2018},
month = {04},
pages = {819},
title = {A Green Energy Application in Energy Management Systems by an Artificial Intelligence-Based Solar Radiation Forecasting Model},
volume = {11},
journal = {Energies},
doi = {10.3390/en11040819}
}

@article{1DzerroPadding,
author = {Santiago Pascual},
year = {Jan 25, 2017},
pages = {13},
title = {Recurrent Neural Networks II (D2L3 Deep Learning for Speech and Language UPC 2017)},
publisher={Universitat Politècnica de Catalunya}
}

@inproceedings{lim2017rare,
  title={Rare sound event detection using 1D convolutional recurrent neural networks},
  author={Lim, Hyungui and Park, Jeongsoo and Han, Y},
  booktitle={Proceedings of the Detection and Classification of Acoustic Scenes and Events 2017 Workshop},
  pages={80--84},
  year={2017}
}

@inproceedings{cvbae,
title={1D and 3D Convolutions explained with… MS Excel!},
author={Thom Lane},
year={Oct 17, 2018}
}

@inproceedings{redDEs,
  title={5 Regression Loss Functions All Machine Learners Should Know},
  author={Prince Grover},
  year={Jun 5, 2018}
}

@inproceedings{unknown,
author = {Abdoli, Sajjad and Cardinal, Patrick and Koerich, Alessandro},
year = {2019},
month = {04},
pages = {},
title = {End-to-End Environmental Sound Classification using a 1D Convolutional Neural Network}
}

@inproceedings{shagaga,
author = {Sumit Saha},
year = {Dec 15, 2018},
title = {A Comprehensive Guide to Convolutional Neural Networks — the ELI5 way}
}


@inproceedings{https://medium.com/coinmonks/backpropagation-concept-explained-in-5-levels-of-difficulty-8b220a939db5,
author = {Devashish Sood},
year = {Jul 22, 2018},
title = {Backpropagation concept explained in 5 levels of difficulty}
}

@inproceedings{cui2018applying,
  title={Applying Gradient Descent in Convolutional Neural Networks},
  author={Cui, Nan},
  booktitle={Journal of Physics: Conference Series},
  volume={1004},
  number={1},
  pages={012027},
  year={2018},
  organization={IOP Publishing}
}

@inproceedings{zeiler2014visualizing,
  title={Visualizing and understanding convolutional networks},
  author={Zeiler, Matthew D and Fergus, Rob},
  booktitle={European conference on computer vision},
  pages={818--833},
  year={2014},
  organization={Springer}
}


@inproceedings{zeilerDed,
  title={Visualizing Features from a Convolutional Neural Network},
  author={Kevin Frans},
  year={2019.05.17},
}


@inproceedings{masdasdIII,
  title={Chapter 12 Convolutional Neural Networks},
  author={Subir Varma, Sanjiv Das},
  booktitle={Deep Learning},
  year={2018-09-27}
}



@article{git1,
author = {Simon Johannes Kern},
year = {August 18, 2017},
pages = {48},
title = {Automatic Sleep Stage Classication using Convolutional Neural Networks with Long
Short-Term Memory},
publisher = {Radboud University, Nijmegen}
}

@article{git2,
  title={DeepSleepNet: A model for automatic sleep stage scoring based on raw single-channel EEG},
  author={Supratak, Akara and Dong, Hao and Wu, Chao and Guo, Yike},
  journal={IEEE Transactions on Neural Systems and Rehabilitation Engineering},
  volume={25},
  number={11},
  pages={1998--2008},
  year={2017},
  publisher={IEEE}
}

@article{git3,
author = {jaindeepali},
year = { Feb 8, 2016},
title = {EEG signal classification},
publisher = {GitHub, Inc.}
}